<?xml version="1.0" encoding="UTF-8"?><record xmlns="http://www.loc.gov/MARC21/slim" xmlns:cinclude="http://apache.org/cocoon/include/1.0" xmlns:zs="http://www.loc.gov/zing/srw/">
  <leader>00334nz  a2200121n  4500</leader>
  <controlfield tag="001">n  97023322 </controlfield>
  <controlfield tag="003">DLC</controlfield>
  <controlfield tag="005">19970305161137.1</controlfield>
  <controlfield tag="008">970305n| acannaab|          |n aaa |||  </controlfield>
  <datafield tag="010" ind1=" " ind2=" ">
    <subfield code="a">n  97023322 </subfield>
  </datafield>
  <datafield tag="040" ind1=" " ind2=" ">
    <subfield code="a">DLC</subfield>
    <subfield code="c">DLC</subfield>
  </datafield>
  <datafield tag="100" ind1="1" ind2="0">
    <subfield code="a">Prehn, John W.</subfield>
  </datafield>
  <datafield tag="670" ind1=" " ind2=" ">
    <subfield code="a">His Push a button, pull a string, c1996:</subfield>
    <subfield code="b">t.p. (John W. Prehn; Madison Lake, Minn.)</subfield>
  </datafield>
</record>